@article{tangle, title={Tangles are Decided by Weighted Vertex Sets}, DOI={10.19086/aic.13691}, journal={Advances in Combinatorics}, author={Elbracht, Christian and Kneip, Jakob and Teegen, Maximilian}, year={2020}, month={Jul}}

@article{queue, title={Planar Graphs have Bounded Queue-Number}, DOI={10.1109/focs.2019.00056}, journal={2019 IEEE 60th Annual Symposium on Foundations of Computer Science (FOCS)}, author={Dujmovic, Vida and Joret, Gwenael and Micek, Piotr and Morin, Pat and Ueckerdt, Torsten and Wood, David}, year={2019}}
